<?xml version="1.0" encoding="UTF-8"?><collection xmlns="http://www.loc.gov/MARC21/slim"><record><leader>00643nam--2200217-u-4500</leader><controlfield tag="001">000054268</controlfield><controlfield tag="002">20161230</controlfield><controlfield tag="005">20161230201051</controlfield><controlfield tag="008">111101s1000------------r-----000-0-rus-d</controlfield><datafield ind1=" " ind2=" " tag="040"><subfield code="a">IFIN-HH</subfield></datafield><datafield ind1=" " ind2=" " tag="041"><subfield code="a">rus</subfield></datafield><datafield ind1=" " ind2=" " tag="080"><subfield code="a">539.12</subfield></datafield><datafield ind1="1" ind2=" " tag="100"><subfield code="a">Marshak, R. E</subfield></datafield><datafield ind1="1" ind2="0" tag="245"><subfield code="a">Vvedenie v fiziku elementarnih ceastit</subfield><subfield code="c">E.r. marshak, e.c.g. sudarhan</subfield></datafield><datafield ind1=" " ind2=" " tag="260"><subfield code="a">Moskva</subfield><subfield code="b">Izdatelstvo Inostrannoi Literaturi</subfield><subfield code="c">1962</subfield></datafield><datafield ind1=" " ind2=" " tag="300"><subfield code="a">235P</subfield></datafield><datafield ind1=" " ind2=" " tag="490"><subfield code="a">Probelmi Fiziki</subfield></datafield><datafield ind1=" " ind2=" " tag="500"><subfield code="a">Titlul Original In Limba Engleza: Introduction To Elementary Particle Physics</subfield></datafield><datafield ind1="1" ind2=" " tag="700"><subfield code="a">Sudarhan, E.C.G</subfield></datafield><datafield ind1=" " ind2=" " tag="852"><subfield code="a">8311</subfield><subfield code="c">539.12</subfield></datafield><datafield ind1=" " ind2=" " tag="CAT"><subfield code="a">Sys</subfield><subfield code="c">20111101</subfield><subfield code="h">162906</subfield></datafield></record></collection>